<record><leader>00000cas a22000007a 4500</leader><controlfield tag="001">13539698</controlfield><controlfield tag="008">860507d18571863paucr ne      0    0eng d</controlfield><datafield ind1=" " ind2=" " tag="010"><subfield code="a">sn 86053352 </subfield></datafield><datafield ind1=" " ind2=" " tag="040"><subfield code="a">NPX</subfield><subfield code="b">eng</subfield><subfield code="c">NPX</subfield><subfield code="d">MGN</subfield><subfield code="d">NVK</subfield><subfield code="d">OCL</subfield><subfield code="d">UKMGB</subfield><subfield code="d">OCLCQ</subfield></datafield><datafield ind1="7" ind2=" " tag="016"><subfield code="a">013917613</subfield><subfield code="2">Uk</subfield></datafield><datafield ind1=" " ind2=" " tag="042"><subfield code="a">msc</subfield></datafield><datafield ind1=" " ind2=" " tag="043"><subfield code="a">n-us-pa</subfield></datafield><datafield ind1="0" ind2=" " tag="130"><subfield code="a">Brownsville times (Brownsville, Pa.)</subfield></datafield><datafield ind1="1" ind2="0" tag="245"><subfield code="a">Brownsville times.</subfield></datafield><datafield ind1="1" ind2="3" tag="246"><subfield code="a">Brownsville weekly times</subfield></datafield><datafield ind1="1" ind2="3" tag="246"><subfield code="a">Brownsville semi-weekly times</subfield></datafield><datafield ind1="1" ind2="3" tag="246"><subfield code="a">Semi-weekly times</subfield></datafield><datafield ind1=" " ind2=" " tag="260"><subfield code="a">Brownsville, Pa. :</subfield><subfield code="b">W.K. Marshall &amp; J.H. Hunter</subfield></datafield><datafield ind1=" " ind2=" " tag="300"><subfield code="a">v.</subfield></datafield><datafield ind1=" " ind2=" " tag="310"><subfield code="a">Semiweekly,</subfield><subfield code="b">&lt;July 16,&gt; 1861-1863</subfield></datafield><datafield ind1=" " ind2=" " tag="321"><subfield code="a">Weekly,</subfield><subfield code="b">1857-&lt;June 12,&gt; 1861</subfield></datafield><datafield ind1="1" ind2=" " tag="362"><subfield code="a">Began Sept. 3, 1857. Cf. Publisher's statement, Aug. 25, 1859.</subfield></datafield><datafield ind1="1" ind2=" " tag="362"><subfield code="a">Ceased in 1863. Cf. Weekly patriot and union, Mar. 5, 1863.</subfield></datafield><datafield ind1=" " ind2=" " tag="500"><subfield code="a">Published as: Brownsville semi-weekly times, &lt;July 16&gt;-Aug. 2, 1861.</subfield></datafield><datafield ind1=" " ind2=" " tag="500"><subfield code="a">Published without masthead, &lt;July 16&gt;-Aug. 2, 1861; title from publisher's box.</subfield></datafield><datafield ind1=" " ind2=" " tag="500"><subfield code="a">Publishers: W. Kennedy Marshall &amp; J.H. Hunter, 1857-1859; W. Kennedy Marshall, 1859; R.B. Brown, 1859-&lt;1862&gt;.</subfield></datafield><datafield ind1=" " ind2=" " tag="500"><subfield code="a">Democratic, &lt;1858-1861&gt;.</subfield></datafield><datafield ind1=" " ind2=" " tag="500"><subfield code="a">Editors: W. Kennedy Marshall, 1857-1859; R.B. Brown, 1859-&lt;1862&gt;.</subfield></datafield><datafield ind1=" " ind2=" " tag="515"><subfield code="a">When semiweekly, Tuesday and Friday issues numbered identically.</subfield></datafield><datafield ind1=" " ind2=" " tag="515"><subfield code="a">Issued on half sheet, &lt;July 16-Oct. 25, 1861&gt;.</subfield></datafield><datafield ind1=" " ind2=" " tag="580"><subfield code="a">Absorbed by: Genius of liberty (Uniontown, Pa. : 1839). Cf. Weekly patriot and union, Mar. 5, 1863.</subfield></datafield><datafield ind1=" " ind2=" " tag="588"><subfield code="a">Description based on: Vol. 1, no. 4 (Sept. 24, 1857).</subfield></datafield><datafield ind1=" " ind2="0" tag="651"><subfield code="a">Centerville Borough (Pa.)</subfield><subfield code="v">Newspapers.</subfield></datafield><datafield ind1=" " ind2=" " tag="752"><subfield code="a">United States</subfield><subfield code="b">Pennsylvania</subfield><subfield code="c">Fayette</subfield><subfield code="d">Brownsville.</subfield></datafield><datafield ind1="1" ind2="4" tag="785"><subfield code="t">Genius of liberty (Uniontown, Pa. : 1839)</subfield><subfield code="w">(DLC)sn 84026513</subfield></datafield><datafield ind1="1" ind2=" " tag="029"><subfield code="a">AU@</subfield><subfield code="b">000020235971</subfield></datafield></record>